<record><leader>00000cas a22000007a 4500</leader><controlfield tag="001">32691404</controlfield><controlfield tag="008">950622d18891903meucr ne      0    0eng d</controlfield><datafield ind1=" " ind2=" " tag="010"><subfield code="a">sn 95067837 </subfield></datafield><datafield ind1=" " ind2=" " tag="040"><subfield code="a">MBN</subfield><subfield code="b">eng</subfield><subfield code="c">MBN</subfield><subfield code="d">OCLCQ</subfield><subfield code="d">OCLCF</subfield><subfield code="d">OCLCO</subfield></datafield><datafield ind1="1" ind2=" " tag="029"><subfield code="a">AU@</subfield><subfield code="b">000011782765</subfield></datafield><datafield ind1=" " ind2=" " tag="042"><subfield code="a">msc</subfield></datafield><datafield ind1=" " ind2=" " tag="043"><subfield code="a">n-us-me</subfield></datafield><datafield ind1="0" ind2="0" tag="245"><subfield code="a">Bath enterprise.</subfield></datafield><datafield ind1=" " ind2=" " tag="260"><subfield code="a">Bath, Me. :</subfield><subfield code="b">J.F. Upton</subfield></datafield><datafield ind1=" " ind2=" " tag="300"><subfield code="a">v.</subfield></datafield><datafield ind1=" " ind2=" " tag="310"><subfield code="a">Semiweekly</subfield></datafield><datafield ind1="0" ind2=" " tag="362"><subfield code="a">No. 1 (Dec. 14, 1889)-Jan. 3, 1903.</subfield></datafield><datafield ind1=" " ind2=" " tag="500"><subfield code="a">June 19, 1891 issue called high school EXTRA edition.</subfield></datafield><datafield ind1=" " ind2=" " tag="580"><subfield code="a">Merged with: Bath independent (Bath, Me. : 1880), to form: Bath independent and enterprise.</subfield></datafield><datafield ind1=" " ind2="0" tag="651"><subfield code="a">Bath (Me.)</subfield><subfield code="v">Newspapers.</subfield></datafield><datafield ind1=" " ind2="7" tag="655"><subfield code="a">Newspapers.</subfield><subfield code="2">fast</subfield><subfield code="0">(OCoLC)fst01423814</subfield></datafield><datafield ind1=" " ind2="7" tag="651"><subfield code="a">Maine</subfield><subfield code="z">Bath.</subfield><subfield code="2">fast</subfield><subfield code="0">(OCoLC)fst01210217</subfield></datafield><datafield ind1=" " ind2=" " tag="752"><subfield code="a">United States</subfield><subfield code="b">Maine</subfield><subfield code="c">Sagadahoc</subfield><subfield code="d">Bath.</subfield></datafield><datafield ind1="1" ind2="7" tag="785"><subfield code="t">Bath independent (Bath, Me. : 1880)</subfield><subfield code="w">(DLC)sn 95067846</subfield></datafield><datafield ind1="1" ind2="7" tag="785"><subfield code="t">Bath independent and enterprise</subfield><subfield code="w">(DLC)sn 96075039</subfield></datafield></record>